@book {valean,
    TITLE = {Almost impossible integrals},
    AUTHOR = {Valean, Cornel Ioan},
    YEAR = {2019},
}